% ===== Chapter Introduction ==================================================
% =============================================================================


@article{hartmann_confidence_2002,
  title = {Confidence builders: {{Evaluating}} seasonal climate forecasts from user perspectives},
  volume = {83},
  shorttitle = {Confidence builders},
  number = {5},
  journal = {Bulletin of the American Meteorological Society},
  author = {{Hartmann}, Holly C. and {Pagano}, Thomas C. and {Sorooshian}, Soroosh and {Bales}, Roger},
  year = {2002},
  keywords = {behavioral analysis,operational value of forecast,weather forecast},
  pages = {683--698},
}
